<?xml version="1.0" encoding="UTF-8"?>
<collection xmlns="http://www.loc.gov/MARC21/slim">
<record>
  <controlfield tag="001">120757</controlfield>
  <controlfield tag="005">20200326134041.0</controlfield>
  <datafield tag="041" ind1="0" ind2="7">
    <subfield code="a">cze</subfield>
  </datafield>
  <datafield tag="046" ind1=" " ind2=" ">
    <subfield code="k">[2001]</subfield>
  </datafield>
  <datafield tag="245" ind1="0" ind2="0">
    <subfield code="a">Implantace totální protézy kyčelního kloubu za ztížených anatomických podmínek</subfield>
  </datafield>
  <datafield tag="300" ind1=" " ind2=" ">
    <subfield code="a">Přeruš. str.</subfield>
  </datafield>
  <datafield tag="598" ind1=" " ind2=" ">
    <subfield code="a">Doba řešení 1998-2000</subfield>
  </datafield>
  <datafield tag="598" ind1=" " ind2=" ">
    <subfield code="a">Hesla PSH přiřazena automaticky na základě mapování klíčových slov.</subfield>
  </datafield>
  <datafield tag="650" ind1=" " ind2="7">
    <subfield code="2">czmesh</subfield>
    <subfield code="a">protézy - implantace</subfield>
  </datafield>
  <datafield tag="650" ind1=" " ind2="7">
    <subfield code="2">mednas</subfield>
    <subfield code="a">ortopedie</subfield>
  </datafield>
  <datafield tag="650" ind1=" " ind2="7">
    <subfield code="2">czmesh</subfield>
    <subfield code="a">kyčel - protézy</subfield>
  </datafield>
  <datafield tag="650" ind1=" " ind2="7">
    <subfield code="2">czmesh</subfield>
    <subfield code="a">artroplastika - náhrada kyčelního kloubu</subfield>
  </datafield>
  <datafield tag="650" ind1=" " ind2="7">
    <subfield code="2">PSH</subfield>
    <subfield code="a">ortopedie</subfield>
    <subfield code="j">orthopaedics</subfield>
    <subfield code="0">http://psh.ntkcz.cz/skos/PSH13009</subfield>
  </datafield>
  <datafield tag="720" ind1=" " ind2=" ">
    <subfield code="a">Štědrý, Václav</subfield>
  </datafield>
  <datafield tag="720" ind1="1" ind2=" ">
    <subfield code="i">Dungl, Pavel</subfield>
  </datafield>
  <datafield tag="720" ind1="1" ind2=" ">
    <subfield code="i">Hajný, Petr</subfield>
  </datafield>
  <datafield tag="720" ind1="1" ind2=" ">
    <subfield code="i">Institut postgraduálního vzdělávání ve zdravotnictví</subfield>
  </datafield>
  <datafield tag="856" ind1="4" ind2="0">
    <subfield code="u">http://www.nusl.cz/ntk/nusl-120757</subfield>
    <subfield code="z">PID NUŠL</subfield>
  </datafield>
  <datafield tag="909" ind1="C" ind2="O">
    <subfield code="o">oai:invenio.nusl.cz:120757</subfield>
    <subfield code="p">opengrey</subfield>
    <subfield code="p">global</subfield>
    <subfield code="p">base</subfield>
    <subfield code="q">licensed</subfield>
  </datafield>
  <datafield tag="980" ind1=" " ind2=" ">
    <subfield code="a">grantove_zpravy</subfield>
  </datafield>
  <datafield tag="996" ind1=" " ind2=" ">
    <subfield code="a">Dokument je dostupný v NLK.</subfield>
    <subfield code="b">Available in the National Medical Library.</subfield>
    <subfield code="9">0</subfield>
  </datafield>
  <datafield tag="998" ind1=" " ind2=" ">
    <subfield code="a">narodni_lekarska_knihovna</subfield>
  </datafield>
  <datafield tag="999" ind1="C" ind2="1">
    <subfield code="b">Iga MZ ČR</subfield>
  </datafield>
</record>
</collection>